<record><leader>00000cas a22000007a 4500</leader><controlfield tag="001">14091768</controlfield><controlfield tag="008">860814u1909uuuutxudn ne      0    0eng d</controlfield><datafield ind1=" " ind2=" " tag="010"><subfield code="a">sn 86088562 </subfield></datafield><datafield ind1=" " ind2=" " tag="040"><subfield code="a">PPM</subfield><subfield code="b">eng</subfield><subfield code="c">PPM</subfield><subfield code="d">OCLCQ</subfield></datafield><datafield ind1=" " ind2=" " tag="042"><subfield code="a">msc</subfield></datafield><datafield ind1="0" ind2=" " tag="130"><subfield code="a">Daily advertiser (Coleman, Tex. : 1909)</subfield></datafield><datafield ind1="1" ind2="4" tag="245"><subfield code="a">The daily advertiser.</subfield></datafield><datafield ind1="1" ind2="3" tag="246"><subfield code="a">Coleman daily advertiser</subfield></datafield><datafield ind1=" " ind2=" " tag="260"><subfield code="a">Coleman, Tex. :</subfield><subfield code="b">Democrat-Voice Pub. Co.</subfield></datafield><datafield ind1=" " ind2=" " tag="300"><subfield code="a">v. ;</subfield><subfield code="c">56 cm.</subfield></datafield><datafield ind1=" " ind2=" " tag="310"><subfield code="a">Daily (except Sun.)</subfield></datafield><datafield ind1="1" ind2=" " tag="362"><subfield code="a">Began on July 23, 1909.</subfield></datafield><datafield ind1=" " ind2=" " tag="500"><subfield code="a">Editor: L.F. Wade.</subfield></datafield><datafield ind1=" " ind2=" " tag="588"><subfield code="a">Description based on: Vol. 2, no. 1 (July 23, 1910).</subfield></datafield><datafield ind1=" " ind2=" " tag="752"><subfield code="a">United States</subfield><subfield code="b">Texas</subfield><subfield code="c">Coleman</subfield><subfield code="d">Coleman.</subfield></datafield><datafield ind1="1" ind2=" " tag="029"><subfield code="a">AU@</subfield><subfield code="b">000025835819</subfield></datafield></record>